@Book{hopcroft,
  author =   {Hopcroft, John E. and Motwani, Rajeev and Ullman, Jeffrey D.},
  ALTeditor =    {},
  title =    {Einführung in die Automatentheorie, Formale Sprachen und Komplexitätstheorie},
  publisher =    {Pearson Education},
  year =   {2002},
  OPTkey =   {},
  OPTvolume =    {},
  OPTnumber =    {},
  OPTseries =    {},
  OPTaddress =   {},
  OPTedition =   {},
  OPTmonth =   {},
  OPTnote =    {},
  OPTannote =    {}
}

@Book{droste,
  author =   {Droste, Stefan},
  ALTeditor =    {},
  title =    {Zu Analyse und Entwurf evolutionarer Algorithmen},
  publisher =    {Universität Dortmund, Fachbereich Informatik},
  year =   {2000},
  OPTkey =   {},
  OPTvolume =    {},
  OPTnumber =    {},
  OPTseries =    {},
  OPTaddress =   {},
  OPTedition =   {},
  OPTmonth =   {},
  OPTnote =    {},
  OPTannote =    {}
}

